<?xml version='1.0' encoding='utf-8'?>
<record xmlns="http://www.loc.gov/MARC21/slim" xmlns:xsi="http://www.w3.org/2001/XMLSchema-instance">
  <leader>^^^^^nmm^a2200421^a^4500</leader>
  <controlfield tag="001">003185396</controlfield>
  <controlfield tag="005">20000501000000.0</controlfield>
  <controlfield tag="008">971006s1994^^^^vau^^^^^^^^u^o^^^^^^eng^d</controlfield>
  <datafield tag="020" ind1=" " ind2=" ">
    <subfield code="c">$15.00</subfield>
  </datafield>
  <datafield tag="035" ind1=" " ind2=" ">
    <subfield code="a">(OCoLC)ocm30936789</subfield>
  </datafield>
  <datafield tag="037" ind1=" " ind2=" ">
    <subfield code="a">024-011-00185-9</subfield>
    <subfield code="b">GPO</subfield>
  </datafield>
  <datafield tag="040" ind1=" " ind2=" ">
    <subfield code="a">GPO</subfield>
    <subfield code="c">GPO</subfield>
    <subfield code="d">CUV</subfield>
    <subfield code="d">GPO</subfield>
    <subfield code="d">BEU</subfield>
  </datafield>
  <datafield tag="043" ind1=" " ind2=" ">
    <subfield code="a">n-us-mi</subfield>
  </datafield>
  <datafield tag="074" ind1=" " ind2=" ">
    <subfield code="a">0600-D-01</subfield>
  </datafield>
  <datafield tag="086" ind1="0" ind2=" ">
    <subfield code="a">I 53.57:M 58</subfield>
  </datafield>
  <datafield tag="090" ind1=" " ind2=" ">
    <subfield code="a">HD243.M5</subfield>
    <subfield code="b">U5 1994</subfield>
  </datafield>
  <datafield tag="110" ind1="1" ind2=" ">
    <subfield code="a">United States.</subfield>
    <subfield code="b">Bureau of Land Management.</subfield>
    <subfield code="b">Eastern States Office.</subfield>
  </datafield>
  <datafield tag="245" ind1="1" ind2="0">
    <subfield code="a">General Land Office automated records project.</subfield>
    <subfield code="p">Michigan</subfield>
    <subfield code="h">[electronic resource]</subfield>
    <subfield code="b">pre-1908 homestead &amp; cash entry patents and cadastral survey plat index.</subfield>
  </datafield>
  <datafield tag="260" ind1=" " ind2=" ">
    <subfield code="a">[Springfield, Va.?] :</subfield>
    <subfield code="b">U.S. Dept. of the Interior, Bureau of Land Management, Eastern States ;</subfield>
    <subfield code="a">[Washington, D.C.? :</subfield>
    <subfield code="b">Supt. of Docs., U.S. G.P.O., distributor,</subfield>
    <subfield code="c">1994]</subfield>
  </datafield>
  <datafield tag="300" ind1=" " ind2=" ">
    <subfield code="a">1 computer laser optical disc ;</subfield>
    <subfield code="c">4 3/4 in.</subfield>
  </datafield>
  <datafield tag="538" ind1=" " ind2=" ">
    <subfield code="a">System requirements: Computer system capable of using CD-ROM drive; if IBM PC or compatible, requires MS-DOS 3.0 or higher, GSearch software; 512K RAM; CD-ROM drive.</subfield>
  </datafield>
  <datafield tag="500" ind1=" " ind2=" ">
    <subfield code="a">Title from disk label.</subfield>
  </datafield>
  <datafield tag="500" ind1=" " ind2=" ">
    <subfield code="a">Title on container spine: General Land Office automated records, Michigan.</subfield>
  </datafield>
  <datafield tag="500" ind1=" " ind2=" ">
    <subfield code="a">Shipping list no.: 94-0028-E.</subfield>
  </datafield>
  <datafield tag="500" ind1=" " ind2=" ">
    <subfield code="a">"June 1994."</subfield>
  </datafield>
  <datafield tag="538" ind1=" " ind2=" ">
    <subfield code="a">Disk characteristics: CD-ROM.</subfield>
  </datafield>
  <datafield tag="500" ind1=" " ind2=" ">
    <subfield code="a">ISO 9660 format.</subfield>
  </datafield>
  <datafield tag="520" ind1=" " ind2=" ">
    <subfield code="a">Contains pre-1908 federal land patent information including homesteads and cash sales. Database is searchable by name, land office, county, state, or legal land description. Also contains survey plat information, searchable by name and date of survey.</subfield>
  </datafield>
  <datafield tag="650" ind1=" " ind2="0">
    <subfield code="a">Public lands</subfield>
    <subfield code="z">Michigan</subfield>
    <subfield code="x">Databases.</subfield>
  </datafield>
  <datafield tag="650" ind1=" " ind2="0">
    <subfield code="a">Land grants</subfield>
    <subfield code="z">Michigan</subfield>
    <subfield code="x">Databases.</subfield>
  </datafield>
  <datafield tag="651" ind1=" " ind2="0">
    <subfield code="a">Michigan</subfield>
    <subfield code="x">Genealogy</subfield>
    <subfield code="x">Databases.</subfield>
  </datafield>
  <datafield tag="651" ind1=" " ind2="0">
    <subfield code="a">Michigan</subfield>
    <subfield code="x">Surveys</subfield>
    <subfield code="x">Databases.</subfield>
  </datafield>
  <datafield tag="655" ind1=" " ind2="7">
    <subfield code="a">CD-ROMs.</subfield>
    <subfield code="2">aat</subfield>
  </datafield>
  <datafield tag="740" ind1="0" ind2=" ">
    <subfield code="a">General Land Office automated records, Michigan.</subfield>
  </datafield>
  <datafield tag="852" ind1="8" ind2=" ">
    <subfield code="a">MiU-H</subfield>
    <subfield code="b">BENT</subfield>
    <subfield code="h">0083 Aa 2</subfield>
  </datafield>
  <datafield tag="998" ind1=" " ind2=" ">
    <subfield code="c">LAC</subfield>
  </datafield>
  <datafield tag="955" ind1=" " ind2=" ">
    <subfield code="b">BENT</subfield>
    <subfield code="p">B1218967</subfield>
  </datafield>
</record>
